@online{html-cite,
  author       = {Wikipedia},
  title        = {HTML},
  year         = {2023},
  url          = {https://ru.wikipedia.org/wiki/HTML},
  urldate      = {2023-04-28},
  language     = {russian}
}
@online{api-cite,
  author       = {Wikipedia},
  title        = {API},
  year         = {2023},
  url          = {https://ru.wikipedia.org/wiki/API},
  urldate      = {2023-04-28},
  language     = {russian}
}
@online{http-cite,
  author       = {Wikipedia},
  title        = {HTTP},
  year         = {2023},
  url          = {https://ru.wikipedia.org/wiki/HTTP},
  urldate      = {2023-04-28},
  language     = {russian}
}

@online{dom-cite,
  author       = {Moster Lessons},
  title        = {Что такое DOM дерево},
  year         = {2023},
  url          = {https://monsterlessons.com/project/lessons/chto-takoe-dom-derevo},
  urldate      = {2023-04-28},
  language     = {russian}
}

@online{library-cite,
  author       = {Wikipedia},
  title        = {Библиотека (программирование)},
  year         = {2023},
  url          = {https://ru.wikipedia.org/wiki/Библиотека_(программирование)},
  urldate      = {2023-04-28},
  language     = {russian}
}
@online{parsing-cite,
  author       = {Roistat},
  title        = {Парсинг},
  year         = {2023},
  url          = {https://roistat.com/rublog/parsing/},
  urldate      = {2023-04-28},
  language     = {russian}
}
@online{jquery-cite,
  author       = {Wikipedia},
  title        = {jQuery},
  year         = {2023},
  url          = {https://ru.wikipedia.org/wiki/JQuery},
  urldate      = {2023-04-28},
  language     = {russian}
}
@article{cleanarch-cite,
  author       = {medium},
  title        = {Clean Architecture with GO},
  year         = {2019},
  url          = {https://manakuro.medium.com/clean-architecture-with-go-bce409427d31},
  urldate      = {2023-04-28},
  language     = {english}
}
@article{pdfcpu-cite,
  author       = {GitHub},
  title        = {Pdfcpu},
  year         = {2023},
  url          = {https://github.com/pdfcpu/pdfcpu},
  urldate      = {2023-04-28},
  language     = {english}
}